@article{banawan_coded,
  title={The capacity of private information retrieval from coded databases},
  author={Banawan, Karim and Ulukus, Sennur},
  journal={IEEE Transactions on Information Theory},
  volume={64},
  number={3},
  pages={1945--1956},
  year={2018},
  publisher={IEEE}
}



%%FOR stepper motor 2 books and 2 website pages ##KERO
@book{chapman2005,
  title={Electric machinery fundamentals: Fourth edition},
  author={Chapman, S.},
  isbn={9780071070522},
  lccn={2003065174},
  series={Electric machinery fundamentals},
  year={2005},
  publisher={McGraw-Hill Companies,Incorporated}
}


@book{guru2007,
  title={Electric Machinery and Transformers},
  author={Guru, B.S. and Hiziroglu, H.R.},
  isbn={9780198089827},
  year={2007},
  publisher={Oxford University Press}
}

@book{rizzoni2007,
  title={Principles and Applications of Electrical Engineering. Fifth Edition},
  author={Giorgio Rizzoni},
  isbn={0071254447},
  year={2007},
  publisher={McGraw-Hill Companies,Incorporated}
}

@misc{stepperNotes,
  title = {Industrial Circuits Application Note: Stepper Motor Basics},
  howpublished = {\url{http://bitly.ws/rGPj}},
  note = {Accessed: 2022-05-24}
}

@misc{collegeStepper,
  title = {Unit 7: Stepper Motors. University of Oveido},
  howpublished = {\url{http://bitly.ws/rGPf}},
  note = {Accessed: 2022-05-25}
}

@ebook{stepTypes_stepper,
  author        = {Douglas W. Jones},
  title         = {Stepping Motor Types. Part of Stepping Motors},
  howpublished  = {The University of Iowa. Department of Computer Science [Online].},
  url           = {http://bitly.ws/rGP6}
}
}
%%I mean, thanks, but why the change? gives error .. see yourself byeeee
% I'm shortening links using bitly to make them look better
%dont worry, they will open normally


@misc{wikipedia_stepper,
  title = {Stepper motor},
  howpublished = {\url{http://bitly.ws/rGNY}},
  note = {Accessed: 2022-05-22}
}


@misc{website_stepper,
  title = {The complete guide to stepper motor},
  howpublished = {\url{http://bitly.ws/rGNW}},
  note = {Accessed: 2022-05-22}
}

@misc{website2_stepper,
  title = {Stepper Motor, Advantages, Disadvantages, Applications, Working},
  howpublished = {\url{http://bitly.ws/rGNV}},
  note = {Accessed: 2022-05-22}
}

@misc{uses_induction,
  title = {Applications of Single Phase Induction Motor},
  howpublished = {\url{http://bitly.ws/rGNI}},
  note = {Accessed: 2022-05-24}
}

@misc{adv_induction1,
  title = {Advantages and Disadvantages of Induction Motor},
  howpublished = {\url{http://bitly.ws/rGNG}},
  note = {Accessed: 2022-05-24}
}




@misc{website_comparison_servo_stepper,
  title = {stepper motor types advantages applications},
  howpublished = {\url{http://bitly.ws/rGNU}},
  note = {Accessed: 2022-05-22}
}

@misc{website_microstep,
  title = {Stepper motors and drives, what is full step, half step and microstepping?},
  howpublished = {\url{http://bitly.ws/rH9x}},
  note = {Accessed: 2022-05-22}
}

@misc{tamer,
  author        = {Tamer Helmy},
  title         = {Electrical Machines: Three-Phase Induction Motor},
  Institution   = {Faculty of Engineering Alexandria University},
  month         = {May},
  year          = {2022},
}

@misc{single_construction,
  title = {Induction Motor Working Principle- Single Phase and Three Phase Induction Motor},
  howpublished = {\url{http://bitly.ws/rHRj}},
  note = {Accessed: 2022-05-24}
}

@misc{three_construction,
  title = {Construction of Three Phase Induction Motor},
  howpublished = {\url{http://bitly.ws/rHRz}},
  note = {Accessed: 2022-05-24}
}

@misc{single_phase_ind,
  title = {Why Single-Phase Induction Motors Need Capacitors},
  howpublished = {\url{http://bitly.ws/rHRV}},
  note = {Accessed: 2022-05-24}
}


@misc{microstep_last_website,
  title = {stepper motor basics},
  howpublished = {\url{http://bitly.ws/rHZA}},
  note = {Accessed: 2022-05-24}
}





